<?xml version="1.0" encoding="UTF-8"?><collection xmlns="http://www.loc.gov/MARC21/slim"><record><leader>00573nam--2200181-i-4500</leader><controlfield tag="001">000012208</controlfield><controlfield tag="002">20161230</controlfield><controlfield tag="005">20161230201029</controlfield><controlfield tag="008">060222s1000------------r-----000-0-fre-d</controlfield><datafield ind1=" " ind2=" " tag="040"><subfield code="a">IFIN-HH</subfield></datafield><datafield ind1=" " ind2=" " tag="041"><subfield code="a">fre</subfield></datafield><datafield ind1=" " ind2=" " tag="080"><subfield code="a">539.125.4.17(043)</subfield></datafield><datafield ind1="1" ind2=" " tag="100"><subfield code="a">Boratav, Murat</subfield></datafield><datafield ind1="1" ind2="0" tag="245"><subfield code="a">Etude des mecanismes de production multiple de particules neutres et chargees dans les interactions proton-proton a 69 gev/c</subfield><subfield code="b">These</subfield><subfield code="c">Murat boratav</subfield></datafield><datafield ind1=" " ind2=" " tag="260"><subfield code="a">Paris</subfield><subfield code="b">Universite Pierre Et Marie Curie</subfield><subfield code="c">1976</subfield></datafield><datafield ind1=" " ind2=" " tag="300"><subfield code="a">137 P</subfield></datafield><datafield ind1=" " ind2=" " tag="852"><subfield code="a">44978</subfield><subfield code="c">539.12</subfield></datafield><datafield ind1=" " ind2=" " tag="CAT"><subfield code="a">Sys</subfield><subfield code="c">20111128</subfield><subfield code="h">160011</subfield></datafield></record></collection>